<record><leader>00000cas a22000007a 4500</leader><controlfield tag="001">15000995</controlfield><controlfield tag="008">861222c19719999inuwr ne      0    0eng d</controlfield><datafield ind1=" " ind2=" " tag="010"><subfield code="a">sn 86059130 </subfield></datafield><datafield ind1=" " ind2=" " tag="040"><subfield code="a">NPI</subfield><subfield code="b">eng</subfield><subfield code="c">NPI</subfield><subfield code="d">OCLCQ</subfield></datafield><datafield ind1=" " ind2=" " tag="042"><subfield code="a">msc</subfield></datafield><datafield ind1="0" ind2="4" tag="245"><subfield code="a">The Kankakee Valley post-news.</subfield></datafield><datafield ind1=" " ind2=" " tag="260"><subfield code="a">DeMotte, Ind. :</subfield><subfield code="b">[Keith Robinson],</subfield><subfield code="c">1971-</subfield></datafield><datafield ind1=" " ind2=" " tag="310"><subfield code="a">Weekly</subfield></datafield><datafield ind1="0" ind2=" " tag="362"><subfield code="a">Vol. 41, no. 30 (July 29, 1971)-</subfield></datafield><datafield ind1=" " ind2=" " tag="752"><subfield code="a">United States</subfield><subfield code="b">Indiana</subfield><subfield code="c">Jasper</subfield><subfield code="d">DeMotte.</subfield></datafield><datafield ind1="0" ind2="4" tag="780"><subfield code="t">Kankakee Valley post</subfield><subfield code="w">(DLC)sn 86059121</subfield></datafield><datafield ind1="0" ind2="4" tag="780"><subfield code="t">Jasper County news (Rensselaer, Ind.)</subfield><subfield code="w">(DLC)sn 86059122</subfield></datafield></record>